@Book{hottbook,
  author =    {The {Univalent Foundations Program}},
  title =     {Homotopy Type Theory: Univalent Foundations of Mathematics},
  publisher = {\url{https://homotopytypetheory.org/book}},
  address =   {Institute for Advanced Study},
  year =      2013}

@book{MacLaneSaunders1998Cftw,
series = {Graduate texts in mathematics ; 5},
abstract = {Describes the concepts of category, functor, natural transformation, and duality. This book focuses on adjoint functors, which provide a description of universal constructions, an analysis of the representations of functors by sets of morphisms, and a means of manipulating direct and inverse limits.},
publisher = {Springer},
isbn = {9780387984032},
year = {1998},
title = {Categories for the working mathematician},
edition = {2nd ed.},
language = {eng},
address = {New York},
author = {Mac Lane, Saunders},
keywords = {Categories (Mathematics)},
}

@book{LambekJ1986Itho,
series = {Cambridge studies in advanced mathematics ; 7},
publisher = {Cambridge University Press},
isbn = {0521356539},
year = {1986},
title = {Introduction to higher order categorical logic},
language = {eng},
address = {Cambridge},
author = {Lambek, J},
}

@book{CroleRoyL1993Cft,
abstract = {This textbook explains the basic principles of categorical type theory and the techniques used to derive categorical semantics for specific type theories.},
publisher = {Cambridge University Press},
isbn = {0521450926},
year = {1993},
title = {Categories for types},
language = {eng},
address = {Cambridge},
author = {Crole, Roy L},
}

@book{BarendregtHenk2013Lcwt,
series = {Perspectives in logic},
abstract = {This handbook with exercises reveals the mathematical beauty of formalisms hitherto mostly used for software and hardware design and verification.},
publisher = {Cambridge University Press},
isbn = {9780521766142},
year = {2013},
title = {Lambda calculus with types},
language = {eng},
address = {Cambridge},
author = {Barendregt, Henk},
}

@ARTICLE{2014arXiv1406.3219A,
   author = {{Awodey}, S.},
    title = "{Natural models of homotopy type theory}",
  journal = {ArXiv e-prints},
archivePrefix = "arXiv",
   eprint = {1406.3219},
 primaryClass = "math.CT",
 keywords = {Mathematics - Category Theory, Mathematics - Logic},
     year = 2014,
    month = jun,
   adsurl = {http://adsabs.harvard.edu/abs/2014arXiv1406.3219A},
  adsnote = {Provided by the SAO/NASA Astrophysics Data System}
}
